|0000|012|0|01012018|31012018|EMPRESA INDUSTRIAL LTDA|99999999000272||SC|109876547|4214805|||A|0|
|0001|0|
|0005|EMPRESA LTDA|80000000|RUA DA CONCÓRDIA|89||CENTRO||||
|0100|ELIELTON|99999999131|123456789|||||||||ELIELTON@DIGITALCONSULT.ETI.BR|3550308|
|0150|1|INDÚSTRIAS DE ACESSÓRIOS EM GERAL LTDA|1058|55555555000191|||3550308||RUA TORQUATO PERERIA|44||CENTRO|
|0190|CX|CAIXA|
|0190|m|METRO|
|0190|PÇ|PEÇA|
|0200|770|COLETE FEMININO|7898345987543||PÇ|04|61102000||61||18||
|0200|8899|TECIDO|||m|01|53091100||53||18||
|0200|8900|FORRO DE TECIDO|||m|01|53091100||53||18||
|0200|8901|BOTÃO QUATRO FUROS|||CX|00|96062100||96||18||
|0205||01012000|10012018|4522|
|0200|8902|LINHA|||m|01|52041940||52||18||
|0200|8903|ETIQUETA|||PÇ|01|58071000||58||18||
|0200|8904|SACO PLÁSTICO|||PÇ|01|39232910||39||18||
|0990|17|
|C001|0|
|C100|0|1|1|55|00|1|335|35180155555555000191550010000003353023437544|13012018|15012018|19250|2|||17500|1||||17500|2100|||1750|||||
|C170|1|8901||25000|PÇ|17500||0|000|2101||17500|12|2100||||0|00||17500|10|1750||||||||||||||
|C190|000|2101|12|19250|17500|2100|0|0|0|1750||
|C990|5|
|D001|1|
|D990|2|
|E001|0|
|E100|01012018|31012018|
|E110|0|0|0|0|2100|0|0|0|0|0|0|0|2100|0|
|E500|0|01012018|31012018|
|E510|1201|00|17500|17500|1750|
|E520|0|0|1750|0|0|1750|0|
|E990|7|
|G001|1|
|G990|2|
|H001|1|
|H990|2|
|K001|1|
|K990|2|
|1001|0|
|1010|N|N|N|N|N|N|N|N|N|
|1990|3|
|9001|0|
|9900|0000|1|
|9900|0001|1|
|9900|0005|1|
|9900|0100|1|
|9900|0150|1|
|9900|0190|3|
|9900|0200|7|
|9900|0205|1|
|9900|0990|1|
|9900|1001|1|
|9900|1010|1|
|9900|1990|1|
|9900|9001|1|
|9900|9990|1|
|9900|9999|1|
|9900|C001|1|
|9900|C100|1|
|9900|C170|1|
|9900|C190|1|
|9900|C990|1|
|9900|D001|1|
|9900|D990|1|
|9900|E001|1|
|9900|E100|1|
|9900|E110|1|
|9900|E500|1|
|9900|E510|1|
|9900|E520|1|
|9900|E990|1|
|9900|G001|1|
|9900|G990|1|
|9900|H001|1|
|9900|H990|1|
|9900|K001|1|
|9900|K990|1|
|9900|9900|36|
|9990|39|
|9999|79|
